@article{xuzhou:2015, title={Systems approaches to tackling configuration errors}, volume={47}, DOI={10.1145/2791577}, number={4}, journal={ACM Computing Surveys}, author={Xu, Tianyin and Zhou, Yuanyuan}, year={2015}, pages={1--41}} 

@article{yinma:2011, title={An empirical study on configuration errors in commercial and Open Source Systems}, DOI={10.1145/2043556.2043572}, journal={Proceedings of the Twenty-Third ACM Symposium on Operating Systems Principles}, author={Yin, Zuoning and Ma, Xiao and Zheng, Jing and Zhou, Yuanyuan and Bairavasundaram, Lakshmi N. and Pasupathy, Shankar}, year={2011}} 

@misc{stackexchange:2023,
  title        = {Stack Exchange Data Dump},
  author       = {{Stack Exchange, inc.}},
  year         = 2023,
  howpublished = {Internet Archive},
  url          = {https://archive.org/details/stackexchange},
  note         = {Accessed: 2023-05-10}
}

@misc{atlassian:2023,
  title        = {Configuration management: Definition and benefits},
  author       = {Atlassian},
  year         = 2023,
  howpublished = {Atlassian},
  url          = {https://www.atlassian.com/microservices/microservices-architecture/configuration-management},
  note         = {Accessed: 2023-05-10}
}

@article{zhang:2013, title={Automated diagnosis of software configuration errors}, DOI={10.1109/icse.2013.6606577}, journal={2013 35th International Conference on Software Engineering (ICSE)}, author={Zhang, Sai and Ernst, Michael D.}, year={2013}} 

@misc{jana:2021,
  author       = {Janardhan, S.},
  title        = {Update about the October 4th outage},
  year         = 2021,
  howpublished = {Engineering at Meta},
  url          = {https://engineering.fb.com/2021/10/04/networking-traffic/outage/},
  note         = {Accessed: 2023-05-10}
}

@misc{guardian:2021,
  author       = {{Guardian News and Media}},
  title        = {Facebook outage: What went wrong and why did it take so long to fix after social platform went down?},
  year         = 2021,
  howpublished = {The Guardian},
  url          = {https://www.theguardian.com/technology/2021/oct/05/facebook-outage-what-went-wrong-and-why-did-it-take-so-long-to-fix},
  note         = {Accessed: 2023-05-10}
}

@misc{wikimedia:2022,
  author       = {{Wikimedia Foundation}},
  title        = {System administrator},
  year         = 2022,
  howpublished = {Wikipedia},
  url          = {https://en.wikipedia.org/wiki/System_administrator\#Duties},
  note         = {Accessed: 2023-05-10}
}

@article{rabkin:2011, title={Precomputing possible configuration error diagnoses}, DOI={10.1109/ase.2011.6100053}, journal={2011 26th IEEE/ACM International Conference on Automated Software Engineering (ASE 2011)}, author={Rabkin, Ariel and Katz, Randy}, year={2011}} 

@inproceedings{tian:2020,
  title={Automatic Identification of Architecture Smell Discussions from Stack Overflow.},
  author={Tian, Fangchao and Lu, Fan and Liang, Peng and Babar, Muhammad Ali},
  booktitle={SEKE},
  pages={451--456},
  year={2020}
}

@misc{hanna:2021,
  author       = {Hanna, K. T.},
  title        = {What is a system administrator?},
  year         = 2021,
  howpublished = {Networking},
  url          = {https://www.techtarget.com/searchnetworking/definition/system-administrator},
  note         = {Accessed: 2023-06-29}
}

@inproceedings{weinrich:2012,
  title={Extracting and facilitating architecture in service-oriented software systems},
  author={Weinreich, Rainer and Miesbauer, Cornelia and Buchgeher, Georg and Kriechbaum, Thomas},
  booktitle={2012 joint working IEEE/IFIP conference on software architecture and European conference on software architecture},
  pages={81--90},
  year={2012},
  organization={IEEE}
}

@article{huang:2017,
  title={SAIC: identifying configuration files for system configuration management},
  author={Huang, Zhen and Lie, David},
  journal={arXiv preprint arXiv:1711.03397},
  year={2017}
}

@inproceedings{siegmund:2020,
  title={Dimensions of software configuration: on the configuration context in modern software development},
  author={Siegmund, Norbert and Ruckel, Nicolai and Siegmund, Janet},
  booktitle={Proceedings of the 28th ACM Joint Meeting on European Software Engineering Conference and Symposium on the Foundations of Software Engineering},
  pages={338--349},
  year={2020}
}

@article{johnson:2011,
title={Guide for security-focused configuration management of information systems},
author={Johnson, Arnold and Dempsey, Kelley and Ross, Ron and Gupta, Sarbari and Bailey, Dennis and others},
journal={NIST special publication},
volume={800},
number={128},
pages={16--16},
year={2011}
}

@misc{owasp:2023,
  title        = {OWASP Web Security Testing Guide},
  author       = {{OWASP Foundation}},
  year         = 2023,
  howpublished = {OWASP Foundation},
  url          = {https://owasp.org/www-project-web-security-testing-guide/},
  note         = {Accessed: 2023-07-24}
}

@inproceedings{dong:2013,
  title={Automated diagnosis of software misconfigurations based on static analysis},
  author={Dong, Zhen and Ghanavati, Mohammadreza and Andrzejak, Artur},
  booktitle={2013 IEEE International Symposium on Software Reliability Engineering Workshops (ISSREW)},
  pages={162--168},
  year={2013},
  organization={IEEE}
}

@inproceedings{atta:2010,
  title={Automating configuration troubleshooting with dynamic information flow analysis},
  author={Attariyan, Mona and Flinn, Jason},
  booktitle={9th USENIX Symposium on Operating Systems Design and Implementation (OSDI 10)},
  year={2010}
}

@misc{bellairs:2023,
  author       = {Bellairs, R.},
  title        = {What is static analysis? Static Code Analysis Overview},
  year         = 2023,
  howpublished = {Perforce Software},
  url          = {https://www.perforce.com/blog/sca/what-static-analysis},
  note         = {Accessed: 2023-07-24}
}

@article{grebhahn:2019,
  title={Predicting performance of software configurations: There is no silver bullet},
  author={Grebhahn, Alexander and Siegmund, Norbert and Apel, Sven},
  journal={arXiv preprint arXiv:1911.12643},
  year={2019}
}

@article{li:2019,
  title={Scaling word2vec on big corpus},
  author={Li, Bofang and Drozd, Aleksandr and Guo, Yuhe and Liu, Tao and Matsuoka, Satoshi and Du, Xiaoyong},
  journal={Data science and engineering},
  volume={4},
  pages={157--175},
  year={2019},
  publisher={Springer}
}

@article{mikolov:2013,
  title={Efficient estimation of word representations in vector space},
  author={Mikolov, Tomas and Chen, Kai and Corrado, Greg and Dean, Jeffrey},
  journal={arXiv preprint arXiv:1301.3781},
  year={2013}
}

@misc{scikit:nd,
  title        = {1.4. Support Vector Machines},
  author       = {{scikit-learn}},
  year         = {n.d.},
  howpublished = {scikit-learn},
  url          = {https://scikit-learn.org/stable/modules/svm.html},
  note         = {Accessed: 2023-07-25}
}

@inproceedings{franc:2002,
  title={Multi-class support vector machine},
  author={Franc, Vojtech and Hlav{\'a}c, V{\'a}clav},
  booktitle={2002 International Conference on Pattern Recognition},
  volume={2},
  pages={236--239},
  year={2002},
  organization={IEEE}
}

@misc{geeks:2023,
  author       = {{GeeksforGeeks}},
  title        = {Introduction to support vector machines (SVM)},
  year         = 2023,
  howpublished = {GeeksforGeeks},
  url          = {https://www.geeksforgeeks.org/introduction-to-support-vector-machines-svm/},
  note         = {Accessed: 2023-07-25}
}

@inproceedings{bahrini:2023,
  title={ChatGPT: Applications, opportunities, and threats},
  author={Bahrini, Aram and Khamoshifar, Mohammadsadra and Abbasimehr, Hossein and Riggs, Robert J and Esmaeili, Maryam and Majdabadkohne, Rastin Mastali and Pasehvar, Morteza},
  booktitle={2023 Systems and Information Engineering Design Symposium (SIEDS)},
  pages={274--279},
  year={2023},
  organization={IEEE}
}

@article{liu:2023,
  title={Summary of chatgpt-related research and perspective towards the future of large language models},
  author={Liu, Yiheng and Han, Tianle and Ma, Siyuan and Zhang, Jiayue and Yang, Yuanyuan and Tian, Jiaming and He, Hao and Li, Antong and He, Mengshen and Liu, Zhengliang and others},
  journal={Meta-Radiology},
  pages={100017},
  year={2023},
  publisher={Elsevier}
}

@misc{perrigo:2023,
  author       = {Perrigo, B.},
  title        = {The A to Z of artificial intelligence},
  year         = 2023,
  howpublished = {Time},
  url          = {https://time.com/6271657/a-to-z-of-artificial-intelligence/},
  note         = {Accessed: 2023-07-25}
}

@article{white:2023,
  title={A prompt pattern catalog to enhance prompt engineering with chatgpt},
  author={White, Jules and Fu, Quchen and Hays, Sam and Sandborn, Michael and Olea, Carlos and Gilbert, Henry and Elnashar, Ashraf and Spencer-Smith, Jesse and Schmidt, Douglas C},
  journal={arXiv preprint arXiv:2302.11382},
  year={2023}
}

@inproceedings{luo:2023,
  title={Zero-shot model diagnosis},
  author={Luo, Jinqi and Wang, Zhaoning and Wu, Chen Henry and Huang, Dong and De la Torre, Fernando},
  booktitle={Proceedings of the IEEE/CVF Conference on Computer Vision and Pattern Recognition},
  pages={11631--11640},
  year={2023}
}

@article{wei:2021,
  title={Finetuned language models are zero-shot learners},
  author={Wei, Jason and Bosma, Maarten and Zhao, Vincent Y and Guu, Kelvin and Yu, Adams Wei and Lester, Brian and Du, Nan and Dai, Andrew M and Le, Quoc V},
  journal={arXiv preprint arXiv:2109.01652},
  year={2021}
}

@article{brown:2020,
  title={Language models are few-shot learners},
  author={Brown, Tom and Mann, Benjamin and Ryder, Nick and Subbiah, Melanie and Kaplan, Jared D and Dhariwal, Prafulla and Neelakantan, Arvind and Shyam, Pranav and Sastry, Girish and Askell, Amanda and others},
  journal={Advances in neural information processing systems},
  volume={33},
  pages={1877--1901},
  year={2020}
}

@article{touvron:2023,
  title={Llama: Open and efficient foundation language models},
  author={Touvron, Hugo and Lavril, Thibaut and Izacard, Gautier and Martinet, Xavier and Lachaux, Marie-Anne and Lacroix, Timoth{\'e}e and Rozi{\`e}re, Baptiste and Goyal, Naman and Hambro, Eric and Azhar, Faisal and others},
  journal={arXiv preprint arXiv:2302.13971},
  year={2023}
}

@article{kojima:2022,
  title={Large language models are zero-shot reasoners},
  author={Kojima, Takeshi and Gu, Shixiang Shane and Reid, Machel and Matsuo, Yutaka and Iwasawa, Yusuke},
  journal={Advances in neural information processing systems},
  volume={35},
  pages={22199--22213},
  year={2022}
}

@article{wei:2022,
  title={Chain-of-thought prompting elicits reasoning in large language models},
  author={Wei, Jason and Wang, Xuezhi and Schuurmans, Dale and Bosma, Maarten and Xia, Fei and Chi, Ed and Le, Quoc V and Zhou, Denny and others},
  journal={Advances in Neural Information Processing Systems},
  volume={35},
  pages={24824--24837},
  year={2022}
}

@article{zhang:2022,
  title={Automatic chain of thought prompting in large language models},
  author={Zhang, Zhuosheng and Zhang, Aston and Li, Mu and Smola, Alex},
  journal={arXiv preprint arXiv:2210.03493},
  year={2022}
}

@article{liujailbreaking:2023,
  title={Jailbreaking chatgpt via prompt engineering: An empirical study},
  author={Liu, Yi and Deng, Gelei and Xu, Zhengzi and Li, Yuekang and Zheng, Yaowen and Zhang, Ying and Zhao, Lida and Zhang, Tianwei and Liu, Yang},
  journal={arXiv preprint arXiv:2305.13860},
  year={2023}
}

@inproceedings{reynolds:2021,
  title={Prompt programming for large language models: Beyond the few-shot paradigm},
  author={Reynolds, Laria and McDonell, Kyle},
  booktitle={Extended Abstracts of the 2021 CHI Conference on Human Factors in Computing Systems},
  pages={1--7},
  year={2021}
}

@misc{scikitlearn,
  title        = {Sklearn.model\_selection.train\_test\_split},
  author       = {{scikit-learn}},
  year         = {n.d.},
  howpublished = {scikit-learn},
  url          = {https://scikit-learn.org/stable/modules/generated/sklearn.model\_selection.train\_test\_split.html},
  note         = {Accessed: 2023-08-27}
}

@misc{rehurek:2022,
  author       = {\v{R}eh\r{u}\v{r}ek, Radim},
  title        = {Gensim: Topic modelling for humans},
  year         = 2022,
  howpublished = {Radim \v{R}eh\r{u}\v{r}ek},
  url          = {https://radimrehurek.com/gensim/},
  note         = {Accessed: 2023-09-13}
}

@misc{rehurek:word2vec,
  author       = {\v{R}eh\r{u}\v{r}ek, Radim},
  title        = {Word2Vec Model -- gensim},
  year         = 2022,
  howpublished = {Radim \v{R}eh\r{u}\v{r}ek},
  url          = {https://radimrehurek.com/gensim/auto\_examples/tutorials/run\_word2vec.html},
  note         = {Accessed: 2023-09-13}
}

@misc{scikit:svm,
  title        = {1.4. Support Vector Machines},
  author       = {{scikit-learn}},
  year         = {n.d.},
  howpublished = {scikit-learn},
  url          = {https://scikit-learn.org/stable/modules/svm.html\#svm},
  note         = {Accessed: 2023-09-17}
}

@inproceedings{haque:2020,
  title={Challenges in docker development: A large-scale study using stack overflow},
  author={Haque, Mubin Ul and Iwaya, Leonardo Horn and Babar, M Ali},
  booktitle={Proceedings of the 14th ACM/IEEE International Symposium on Empirical Software Engineering and Measurement (ESEM)},
  pages={1--11},
  year={2020}
}

@misc{openai:2023,
  title        = {GPT-3.5},
  author       = {{OpenAI Platform}},
  year         = {n.d.},
  howpublished = {OpenAI Platform},
  url          = {https://platform.openai.com/docs/models/gpt-3-5},
  note         = {Accessed: 2023-10-14}
}

@misc{openaicomplete:2023,
  title        = {Create chat completion},
  author       = {{OpenAI Platform}},
  year         = {n.d.},
  howpublished = {OpenAI Platform},
  url          = {https://platform.openai.com/docs/api-reference/chat/create},
  note         = {Accessed: 2023-10-14}
}

@misc{reitz:nd,
  author       = {Reitz, K.},
  title        = {Requests: HTTP for humans},
  year         = {n.d.},
  howpublished = {website},
  url          = {https://requests.readthedocs.io/},
  note         = {Accessed: 2023-10-22}
}

@misc{openaigpt3,
  title        = {GPT-3.5. Models - OpenAI API},
  author       = {{OpenAI}},
  year         = {n.d.},
  howpublished = {OpenAI Platform},
  url          = {https://platform.openai.com/docs/models/gpt-3-5},
  note         = {Accessed: 2023-01-07}
}
